@book{lehman2018,
    author    = "Eric Lehman and Tom Leighton and Albert Meyer",
    title     = "Mathematics for Computer Science",
    year      = "2018",
    publisher = "MIT OCW"
}